@article{lehmann2003,
  title={Decentralized algorithms for evaluating centrality in complex networks},
  author={Lehmann, Katharina A and Kaufmann, Michael},
  year={2003},
  publisher={Universit{\"a}t T{\"u}bingen}
}

@article{ew2004,
  title={Fast Approximation of Centrality.},
  author={Eppstein, David and Wang, Joseph},
  journal={J. Graph Algorithms Appl.},
  volume={8},
  number={1},
  pages={39--45},
  year={2004}
}

@article{brandes2001,
  title={A faster algorithm for betweenness centrality},
  author={Brandes, Ulrik},
  journal={Journal of mathematical sociology},
  volume={25},
  number={2},
  pages={163--177},
  year={2001},
  publisher={Taylor \& Francis}
}

@article{brandes2007,
  title={Centrality estimation in large networks},
  author={Brandes, Ulrik and Pich, Christian},
  journal={International Journal of Bifurcation and Chaos},
  volume={17},
  number={07},
  pages={2303--2318},
  year={2007},
  publisher={World Scientific}
}